@misc{website:unity-manual,
      author = {Unity Technologies SF},
      title = {Unity User Manual},
      url = {https://docs.unity3d.com/Manual},
      year = {2018}
}

@misc{website:brackeys-menu,
      author = "Asbj√∏rn Thirslund",
      title = "Tower Defense Tutorial",
      howpublished = "\url{https://www.youtube.com/playlist?list=PLPV2KyIb3jR4u5jX8za5iU1cqnQPmbzG0}"
}

@misc{website:ez2play-hard2master,
      author = {},
      publisher = {Nolan Bushnell},
      title = {Theorem: Easy to Learn, Difficult to Master},
      url = {http://www.wolfsheadonline.com/bushnells-theorem-easy-to-learn-difficult-to-master}
}

@misc{website:vs,
      author = {},
      publisher = {Microsoft Corporation},
      title = {Visual Studio Community 2017},
      url = {https://www.visualstudio.com/vs/community},
      year = {2018}
}

@misc{website:wiki-dungeoncrawler,
      author = "Wikipedia",
      title = "Dungeon crawl",
      howpublished = "\url{https://en.wikipedia.org/wiki/Dungeon_crawl}"
}
