@misc{website:unity-manual,
      author = {Unity Technologies SF},
      title = {Unity User Manual},
      url = {https://docs.unity3d.com/Manual},
      year = {2018}
}

@misc{website:brackeys-menu,
      author = {Asbj√∏rn Thirslund},
      title = {Tower Defense Tutorial},
      url = {https://www.youtube.com/playlist?list=PLPV2KyIb3jR4u5jX8za5iU1cqnQPmbzG0},
      year = {2018}

}

@misc{website:ez2play-hard2master,
      author = "Nolan Bushnell",
      title = "Theorem: Easy to Learn, Difficult to Master",
      url = {http://www.wolfsheadonline.com/bushnells-theorem-easy-to-learn-difficult-to-master},
      year = {2018}
}

@misc{website:vs,
      author = {},
      publisher = {Microsoft Corporation},
      title = {Visual Studio Community 2017},
      url = {https://www.visualstudio.com/vs/community},
      year = {2018}
}

@misc{website:wiki-dungeoncrawler,
      author = {Wikipedia},
      title = {Dungeon crawl},
      url = {https://en.wikipedia.org/wiki/Dungeon_crawl},
      year = {2018}
}

@misc{website:snippets,
      author = {Wikipedia},
      title = {Snippet (programming)},
      url = {https://en.wikipedia.org/wiki/Snippet_(programming)},
      year = {2018}
}

@misc{website:stealth,
      author = {Wikipedia},
      title = {Stealth game},
      url = {https://en.wikipedia.org/wiki/Stealth_game},
      year = {2018}
}

@misc{website:fogofwar,
      author = {Wikipedia},
      title = {Fog of war},
      url = {https://en.wikipedia.org/wiki/Fog_of_war},
      year = {2018}
}

@misc{website:vector3,
      author = {Unity Technologies SF},
      title = {Unity User Manual},
      url = {https://docs.unity3d.com/ScriptReference/Vector3.html},
      year = {2018}
}

@misc{website:quaternion,
      author = {Unity Technologies SF},
      title = {Unity User Manual},
      url = {https://docs.unity3d.com/ScriptReference/Quaternion.html},
      year = {2018}
}

@misc{website:eulerangles,
      author = {Unity Technologies SF},
      title = {Unity User Manual},
      url = {https://docs.unity3d.com/ScriptReference/Quaternion.Euler.html},
      year = {2018}
}

@misc{website:ray,
      author = {Unity Technologies SF},
      title = {Unity User Manual},
      url = {https://docs.unity3d.com/ScriptReference/Physics.Raycast.html},
      year = {2018}
}

@misc{website:deltatime,
      author = {Unity Technologies SF},
      title = {Unity User Manual},
      url = {https://docs.unity3d.com/ScriptReference/Time-deltaTime.html},
      year = {2018}
}
